

##############################
### CATEGORY
##############################
@article{Ritchie:1974:UTS:361011.361061,
  author = {Ritchie, Dennis M. and Thompson, Ken},
  title = {{The UNIX Time-sharing System}},
  journal = {Commun. ACM},
  issue_date = {July 1974},
  volume = {17},
  number = {7},
  month = jul,
  year = {1974},
  issn = {0001-0782},
  pages = {365--375},
  numpages = {11},
  url = {http://doi.acm.org/10.1145/361011.361061},
  doi = {10.1145/361011.361061},
  acmid = {361061},
  publisher = {ACM},
  address = {New York, NY, USA},
  keywords = {PDP-11, command language, file system, operating system, time-sharing},
} 
